<record><leader>01735cam a2200397 a 4500</leader><controlfield tag="001">1304572</controlfield><controlfield tag="008">900727s1985    ilua            1 0 eng d</controlfield><datafield ind1=" " ind2=" " tag="010"><subfield code="a">   84071898</subfield></datafield><datafield ind1=" " ind2=" " tag="010"><subfield code="a">   84071898</subfield></datafield><datafield ind1=" " ind2=" " tag="020"><subfield code="a">0826930018</subfield></datafield><datafield ind1=" " ind2=" " tag="035"><subfield code="a">ocm11642013</subfield></datafield><datafield ind1=" " ind2=" " tag="040"><subfield code="a">DLC</subfield><subfield code="b">eng</subfield><subfield code="c">DLC</subfield></datafield><datafield ind1=" " ind2=" " tag="040"><subfield code="b">eng</subfield><subfield code="d">AVC</subfield></datafield><datafield ind1=" " ind2=" " tag="049"><subfield code="a">AEU</subfield><subfield code="b">eng</subfield></datafield><datafield ind1="0" ind2="0" tag="050"><subfield code="a">TS227.A1</subfield><subfield code="b">G53 1985</subfield></datafield><datafield ind1="0" ind2=" " tag="082"><subfield code="a">671.5/2</subfield><subfield code="2">19</subfield></datafield><datafield ind1=" " ind2=" " tag="090"><subfield code="a">TS 227 G53 1985</subfield><subfield code="b">AOAC</subfield></datafield><datafield ind1="0" ind2=" " tag="090"><subfield code="a">TS 227 A1 G429 1985</subfield></datafield><datafield ind1=" " ind2=" " tag="090"><subfield code="a">TS 227.A1 G53 1985</subfield><subfield code="b">AVC</subfield></datafield><datafield ind1="1" ind2=" " tag="100"><subfield code="a">Giachino, Joseph William,</subfield><subfield code="d">1906-2000.</subfield></datafield><datafield ind1="1" ind2="0" tag="245"><subfield code="a">Welding skills /</subfield><subfield code="c">Joseph W. Giachino, William Weeks.</subfield></datafield><datafield ind1=" " ind2=" " tag="260"><subfield code="a">Homewood, Ill. :</subfield><subfield code="b">American Technical Publishers,</subfield><subfield code="c">c1985.</subfield></datafield><datafield ind1=" " ind2=" " tag="300"><subfield code="a">424 p. :</subfield><subfield code="b">ill. (some col.) ;</subfield><subfield code="c">28 cm.</subfield></datafield><datafield ind1=" " ind2=" " tag="336"><subfield code="a">text</subfield><subfield code="b">txt</subfield><subfield code="2">rdacontent</subfield></datafield><datafield ind1=" " ind2=" " tag="337"><subfield code="a">unmediated</subfield><subfield code="b">n</subfield><subfield code="2">rdamedia</subfield></datafield><datafield ind1=" " ind2=" " tag="338"><subfield code="a">volume</subfield><subfield code="b">nc</subfield><subfield code="2">rdacarrier</subfield></datafield><datafield ind1=" " ind2=" " tag="500"><subfield code="a">Includes index.</subfield></datafield><datafield ind1=" " ind2=" " tag="500"><subfield code="a">Accompanied by Instructor's guide [tch.gd.] and workbook [wkbk].</subfield></datafield><datafield ind1=" " ind2=" " tag="596"><subfield code="a">33 38 53</subfield></datafield><datafield ind1=" " ind2="0" tag="650"><subfield code="a">Welding</subfield><subfield code="x">Study and teaching.</subfield></datafield><datafield ind1="1" ind2=" " tag="700"><subfield code="a">Weeks, William R.</subfield></datafield><datafield ind1=" " ind2=" " tag="926"><subfield code="a">TS 227 G53 1985</subfield><subfield code="w">LC</subfield><subfield code="c">1</subfield><subfield code="i">0164000322762</subfield><subfield code="d">1/11/2016</subfield><subfield code="e">12/18/2015</subfield><subfield code="l">ON_SHELF</subfield><subfield code="m">OLDS</subfield><subfield code="n">7</subfield><subfield code="r">Y</subfield><subfield code="s">Y</subfield><subfield code="t">BOOK</subfield><subfield code="u">6/3/1999</subfield></datafield><datafield ind1=" " ind2=" " tag="926"><subfield code="a">TS 227.A1 G53 1985</subfield><subfield code="w">LC</subfield><subfield code="c">1</subfield><subfield code="i">38288001167417</subfield><subfield code="d">4/2/2015</subfield><subfield code="e">12/9/2014</subfield><subfield code="f">4/2/2015</subfield><subfield code="g">3</subfield><subfield code="l">ON_SHELF</subfield><subfield code="m">LAKELND_VR</subfield><subfield code="n">2</subfield><subfield code="r">Y</subfield><subfield code="s">Y</subfield><subfield code="t">BOOK</subfield><subfield code="u">5/18/2005</subfield></datafield><datafield ind1=" " ind2=" " tag="926"><subfield code="a">TS 227 A1 G429 1985</subfield><subfield code="w">LC</subfield><subfield code="c">1</subfield><subfield code="i">000033790429</subfield><subfield code="d">2/12/2007</subfield><subfield code="e">2/5/2007</subfield><subfield code="l">ON_SHELF</subfield><subfield code="m">UABARD</subfield><subfield code="n">6</subfield><subfield code="p">$150.00</subfield><subfield code="r">Y</subfield><subfield code="s">Y</subfield><subfield code="t">BOOK</subfield><subfield code="u">9/12/1990</subfield><subfield code="o">.STAFF. B0040616</subfield></datafield><datafield ind1=" " ind2=" " tag="926"><subfield code="a">TS 227 A1 G429 1985 wkbk</subfield><subfield code="w">LC</subfield><subfield code="c">1</subfield><subfield code="i">000034705806</subfield><subfield code="d">2/11/1996</subfield><subfield code="l">ON_SHELF</subfield><subfield code="m">UABARD</subfield><subfield code="n">2</subfield><subfield code="p">$150.00</subfield><subfield code="r">Y</subfield><subfield code="s">Y</subfield><subfield code="t">BOOK</subfield><subfield code="u">10/26/1990</subfield><subfield code="o">.STAFF. B0040626</subfield></datafield><datafield ind1=" " ind2=" " tag="926"><subfield code="a">TS 227 A1 G429 1985 tch.gd.</subfield><subfield code="w">LC</subfield><subfield code="c">1</subfield><subfield code="i">000033790445</subfield><subfield code="l">ON_SHELF</subfield><subfield code="m">UABARD</subfield><subfield code="p">$150.00</subfield><subfield code="r">Y</subfield><subfield code="s">Y</subfield><subfield code="t">BOOK</subfield><subfield code="u">9/12/1990</subfield><subfield code="o">.STAFF. B0040626</subfield></datafield></record>